|0000|006|0|||01112020|30112020|Empresa Ficticia 89631 SA|12345678901230|SP|2360575|786800285|00|9|
|0001|0|
|0100|Contador 86784|88551258001|63271507|77938208098210|55113456|Rua Ficticia 84527|114|Andar 705|Bairro Ficticio 58261|30002413458|68955566514|email71631@testXXX.org.br|8495364|
|0110|1|2|2||
|0111|79586|41043|94613|32047|247289|
|0140|4972000170|Empresa Ficticia 73619 SA|12345678901230|SP|474324|9679199|33597011|707063089|
|0150|ABC123450002|Empresa Ficticia 49376 LTDA|00728|12345678901230|97310873033|648459|6863163|364480207|Rua Ficticia 61862|n 8236|Andar 577|Bairro Ficticio 93116|
|0150|ABC123450006|Empresa Ficticia 32951 LTDA|01058|93624857302763|14077061954|257020|2093267|193413967|Rua Ficticia 20268|n 6868|Andar 258|Bairro Ficticio 91952|
|0150|XYZW12000013|Empresa Ficticia 97284 LTDA|01058|55526983284798|40460425323|550548|3574447|411677848|Rua Ficticia 29888|n 6283|Andar 135|Bairro Ficticio 61752|
|0150|XYZW12000018|Empresa Ficticia 50972 LTDA|01058|85511544118767|25070400096|310471|7937397|844805296|Rua Ficticia 67046|n 9777|Andar 814|Bairro Ficticio 90987|
|0150|ABC123450026|Empresa Ficticia 38563 LTDA|01058|88939714904000|90452439116|252442|9863664|489581687|Rua Ficticia 98237|n 7186|Andar 359|Bairro Ficticio 36394|
|0150|XYZW12000083|Empresa Ficticia 87205 LTDA|01058|12345678901230|67417554547|815018|9727058|118291058|Rua Ficticia 12757|n 4017|Andar 599|Bairro Ficticio 82190|
|0150|XYZW12000086|Empresa Ficticia 66881 LTDA|01058|52941339962966|15227552681|126810|2576045|554649140|Rua Ficticia 66921|n 7171|Andar 858|Bairro Ficticio 65411|
|0150|XYZW12000087|Empresa Ficticia 70967 LTDA|01058|10516401706926|15128364518|593966|2202703|122803872|Rua Ficticia 21087|n 5994|Andar 854|Bairro Ficticio 36938|
|0150|XYZW12000098|Empresa Ficticia 91390 LTDA|01058|12601650547456|50960349170|709435|3731516|760986762|Rua Ficticia 71197|n 1632|Andar 584|Bairro Ficticio 55793|
|0150|ABC123450105|Empresa Ficticia 74646 LTDA|01058|14545110667083|67515204338|649439|2768929|860632543|Rua Ficticia 11927|n 3049|Andar 819|Bairro Ficticio 29010|
|0150|XYZW12000140|Empresa Ficticia 96910 LTDA|01058|12345678901230|28653235876|408901|7321823|392677705|Rua Ficticia 38635|n 4497|Andar 553|Bairro Ficticio 94190|
|0150|XYZW12000171|Empresa Ficticia 92124 LTDA|01058|57888697197218|41992141193|232181|7568426|449987779|Rua Ficticia 63614|n 1956|Andar 322|Bairro Ficticio 64783|
|0150|XYZW12000208|Empresa Ficticia 57973 LTDA|01058|97542633058919|71339901218|380687|4271853|491540513|Rua Ficticia 57079|n 2133|Andar 592|Bairro Ficticio 63429|
|0190|1|Unidade de Importacao|
|0190|6|QUILOGRAMA|
|0190|61|SACO|
|0190|2307|Litro|
|0200|2|Descricao 616426|Codigo aleatorio 19847||1|09|34577542||||0,00|
|0200|128|Descricao 736143|Codigo aleatorio 43933||61|08|91341794||23||0,00|
|0200|8525|Descricao 196601|Codigo aleatorio 72019||6|04|31505018||23||18,00|
|0200|1.01.001|Descricao 260227|Codigo aleatorio 15752||6|07|34315869||23||18,00|
|0200|1.03.042|Descricao 595476|Codigo aleatorio 21582||6|07|52425135||23||18,00|
|0200|1.02.009|Descricao 656612|Codigo aleatorio 39805||6|05|61379024||23||18,00|
|0200|1.01.007|Descricao 344609|Codigo aleatorio 87722||6|02|99663158||23||18,00|
|0200|1.06.305|Descricao 380453|Codigo aleatorio 88055||6|07|67134560||23||18,00|
|0200|1.03.001|Descricao 521313|Codigo aleatorio 95565||6|07|12756105||23||18,00|
|0200|12345678|Manter de 50ºC à 90ºC|Codigo aleatorio 53687||2307|05|29554161||27||18,00|
|0200|22334455|“aspas”, símbolo europeu (€) e traços fantasia (– e —)|Codigo aleatorio 94595||6|02|64839329||23||18,00|
|0400|1024|Operacao 86049|
|0400|2006|Operacao 92161|
|0400|2094|Operacao 50530|
|0400|2321|Operacao 25063|
|0450|1|Produto XXX 81557 aleatorio|
|0450|2|Caracteres do Windows-1252: “aspas”, o símbolo europeu (€) e traços fantasia (– e —)|
|0450|3|Produto XXX 94791 20ºC à 25ºC|
|0450|4|Esses caracteres usam códigos no intervalo de 128 a 159 (hexadecimal de 80 a 9F)|
|0500|01012014|01|A|5|97|Conta ABC 604636|1.01.03.01.01||
|0500|01012014|04|A|5|482|Conta ABC 449338|3.01.01.03.01.02||
|0500|01012014|04|A|5|591|Conta ABC 969711|3.01.01.07.01.19||
|0500|01012014|04|A|5|599|Conta ABC 688184|3.01.01.07.01.18||
|0500|01012014|04|A|5|637|Conta ABC 704013|3.01.01.07.01.36||
|0500|01012014|04|A|5|747|Conta ABC 917572|3.01.01.01.01.05||
|0500|01012014|04|A|5|761|Conta ABC 617218|3.01.01.01.02.01||
|0500|01012020|04|A|5|1337|Conta ABC 887317|3.01.01.05.01.05||
|0990|62|
|A001|1|
|A990|2|
|C001|0|
|C010|12345678901230|2|
|C100|0|1|ABC123450387|55|00|1|193391|83860815277782099109107642785686860567696031|17112020|17112020|150,00|1|0,00|0,00|150,00|3|0,00|0,00|0,00|0,00|0,00|0,00|0,00|0,00|0,00|0,00|0,00|0,00|
|C170|1|12345678|Descricao do item 2173|1,00000|6|70398|0,00|0|060|1653|2006|0,00|0,00|0,00|0,00|0,00|0,00||||0,00|0,00|0,00|70|7609|2,1|||159|70|7609|9,65|||734|591|
|C100|0|1|ABC123450387|55|00|1|345031|37006717140619650654218948317610066463222844|30112020|30112020|150,00|1|0,00|0,00|150,00|3|0,00|0,00|0,00|0,00|0,00|0,00|0,00|0,00|0,00|0,00|0,00|0,00|
|C170|1|22334455|Descricao do item 4508|1,00000|6|81264|0,00|0|060|1653|2006|0,00|0,00|0,00|0,00|0,00|0,00||||0,00|0,00|0,00|70|1422|0,825|||11|70|1422|3,8|||54|591|
|C100|0|1|ABC123450516|55|00|22|975485|58412352351855559532474667579089911019474767|30112020|30112020|23430,00|2|0,00|0,00|23430,00|0|0,00|0,00|0,00|0,00|0,00|0,00|0,00|0,00|0,00|0,00|0,00|0,00|
|C170|1|8525|Descricao do item 7223|1000,00000|6|60566|0,00|0|040|1202|2094|0,00|0,00|0,00|0,00|0,00|0,00|0|49||0,00|0,00|0,00|70|8198|2,1|||172|70|8198|9,65|||791|761|
|C100|0|1|ABC123450516|55|00|22|507081|73830677054229758117016465063720016982925277|30112020|30112020|23430,00|2|0,00|0,00|23430,00|0|0,00|0,00|0,00|0,00|0,00|0,00|0,00|0,00|0,00|0,00|0,00|0,00|
|C170|1|8525|Descricao do item 2442|1000,00000|6|19153|0,00|0|040|1202|2094|0,00|0,00|0,00|0,00|0,00|0,00|0|49||0,00|0,00|0,00|70|8932|1,65|||147|70|8932|7,6|||678|761|
|C100|0|0|ABC123450002|55|00|2|780242|55598213757066114429502093081037576672177880|09112020|09112020|110890,95|5|0,00|0,00|91243,87|0|0,00|0,00|19647,08|0,00|0,00|0,00|0,00|0,00|1937,12|8901,53|0,00|0,00|
|C110|3||
|C120|0|2987|1916,12|8805,03||
|C170|1|1.01.002|Descricao do item 7657|25200,00000|6|50000|0,00|0|140|3102|2321|0,00|0,00|0,00|0,00|0,00|0,00|0|02||0,00|0,00|0,00|50|40000|1,65|||47|50|40000|7,6|||219|97|
|C100|0|0|ABC123450002|55|00|2|483634|39433305844046645829237696203178042295788167|09112020|09112020|114302,40|1|0,00|0,00|94243,75|0|0,00|0,00|20058,65|0,00|0,00|0,00|0,00|0,00|1979,12|9094,52|0,00|0,00|
|C110|4||
|C120|0|96329|1979,12|9094,52||
|C170|1|60011053104033|Descricao do item 1311|22000,00000|6|55500|0,00|0|140|3102|2321|0,00|0,00|0,00|0,00|0,00|0,00|0|02||0,00|0,00|0,00|51|6954|2,1|||146|51|6954|9,65|||671|97|
|C100|0|0|ABC123450002|55|00|2|229880|87873502173455199208701610690100286609964992|24112020|24112020|110288,03|1|0,00|0,00|90907,68|0|0,00|0,00|19380,35|0,00|0,00|0,00|0,00|0,00|1909,06|8772,59|0,00|0,00|
|C110|11||
|C120|0|2979|1909,06|8772,59||
|C170|1|60011053104033|Descricao do item 4843|22000,00000|6|70000|0,00|0|140|3102|2321|0,00|0,00|0,00|0,00|0,00|0,00|0|05||0,00|0,00|0,00|51|7621|1,65|||125|51|7621|7,6|||579|97|
|C100|0|0|ABC123450002|55|00|2|823996|30004976596028294417055495355943357342655049|26112020|26112020|128399,33|1|0,00|0,00|106028,62|0|0,00|0,00|22370,71|0,00|0,00|0,00|0,00|0,00|2226,60|10231,76|0,00|0,00|
|C170|1|128|Descricao do item 2468|25200,00000|6|26000|0,00|0|140|3102|2321|0,00|0,00|0,00|0,00|0,00|0,00|0|05||0,00|0,00|0,00|56|25000|1,65|||18|56|25000|7,6|||86|97|
|C100|1|0|XYZW12000086|55|00|1|477387|36152757795117684157757387653618305614582214|04112020|04112020|12801,38|1|0,00|0,00|12801,38|0|0,00|0,00|0,00|0,00|0,00|0,00|0,00|0,00|0,00|0,00|0,00|0,00|
|C110|18||
|C170|1|1.04.001|Descricao do item 4469|500,00000|6|19296|0,00|0|140|5102|1024|0,00|0,00|0,00|0,00|0,00|0,00||||0,00|0,00|0,00|09|5403|2,1|||113|09|5403|9,65|||521|747|
|C100|1|0|XYZW12010037|55|00|1|371838|52771080659832086015924477491086992246483849|05112020|05112020|3314,87|1|0,00|0,00|3314,87|0|0,00|0,00|0,00|0,00|0,00|0,00|0,00|0,00|0,00|0,00|0,00|0,00|
|C110|20||
|C170|1|1.01.001|Descricao do item 8456|425,00000|6|76090|0,00|0|140|5102|1024|0,00|0,00|0,00|0,00|0,00|0,00||||0,00|0,00|0,00|02|7367|0,825|||60|02|7367|3,8|||279|747|
|C100|1|0|XYZW12010057|55|00|1|757079|41588602701665868310900092281877044699760773|06112020|06112020|3329,10|1|0,00|0,00|3329,10|1|0,00|0,00|0,00|0,00|0,00|0,00|0,00|0,00|0,00|0,00|0,00|0,00|
|C110|21||
|C170|1|1.01.001|Descricao do item 7286|450,00000|6|100000|0,00|0|140|5102|1024|0,00|0,00|0,00|0,00|0,00|0,00||||0,00|0,00|0,00|02|2217|0,65|||18|02|2217|3,0|||84|747|
|C100|1|0|XYZW12000098|55|00|1|127391|66847689384955702041807910882201918483107536|09112020|09112020|10288,22|1|0,00|0,00|10288,22|0|0,00|0,00|0,00|0,00|0,00|0,00|0,00|0,00|0,00|0,00|0,00|0,00|
|C110|22||
|C170|1|1.04.001|Descricao do item 8941|400,00000|6|85970|0,00|0|140|5102|1024|0,00|0,00|0,00|0,00|0,00|0,00||||0,00|0,00|0,00|03|1061|1,65|||17|03|1061|7,6|||80|747|
|C100|1|0|XYZW12000086|55|00|1|583192|82789989244449653765867837420000671654611956|09112020|09112020|32358,11|1|0,00|0,00|32358,11|0|0,00|0,00|0,00|0,00|0,00|0,00|0,00|0,00|0,00|0,00|0,00|0,00|
|C110|23||
|C170|1|1.04.001|Descricao do item 8508|1300,00000|6|86071|0,00|0|140|5102|1024|0,00|0,00|0,00|0,00|0,00|0,00||||0,00|0,00|0,00|03|7285|0,825|||60|03|7285|3,8|||276|747|
|C100|1|0|XYZW12010049|55|00|1|219315|83669164079407513438092780940491541700661853|10112020|10112020|525,02|1|0,00|0,00|477,29|1|0,00|0,00|0,00|477,29|85,91|0,00|0,00|47,73|7,88|36,27|0,00|0,00|
|C110|24||
|C170|1|2.01.001|Descricao do item 9177|120,00000|6|38942|0,00|0|100|5102|1024|477,29|18,00|85,91|0,00|0,00|0,00||||477,29|10,00|47,73|01|5470|2,1|||114|01|5470|9,65|||527|747|
|C100|1|0|XYZW12010056|55|00|1|420892|62113383120893393782091692328605497988522817|10112020|10112020|63641,57|1|0,00|0,00|63641,57|0|0,00|0,00|0,00|0,00|0,00|0,00|0,00|0,00|0,00|0,00|0,00|0,00|
|C110|19||
|C170|1|1.04.001|Descricao do item 3231|2380,00000|6|87959|0,00|0|140|5102|1024|0,00|0,00|0,00|0,00|0,00|0,00||||0,00|0,00|0,00|06|8616|1,65|||142|06|8616|7,6|||654|747|
|C100|1|0|XYZW12010071|55|00|1|385136|38142874154648518174502372469750599956348142|11112020|11112020|46178,56|1|0,00|0,00|46178,56|0|0,00|0,00|0,00|0,00|0,00|0,00|0,00|0,00|0,00|0,00|0,00|0,00|
|C110|25||
|C170|1|1.02.001|Descricao do item 1898|2000,00000|6|62195|0,00|0|140|5102|1024|0,00|0,00|0,00|0,00|0,00|0,00||||0,00|0,00|0,00|06|6284|0,825|||51|06|6284|3,8|||238|747|
|C100|1|0|XYZW12010085|55|00|1|511681|98934622302378870837454873132039008613825919|11112020|11112020|10300,00|1|0,00|0,00|10300,00|0|0,00|0,00|0,00|0,00|0,00|0,00|0,00|0,00|0,00|0,00|0,00|0,00|
|C110|20||
|C170|1|1.01.002|Descricao do item 3548|2000,00000|6|80774|0,00|0|140|5102|1024|0,00|0,00|0,00|0,00|0,00|0,00||||0,00|0,00|0,00|07|3547|2,1|||74|07|3547|9,65|||342|747|
|C100|1|0|XYZW12010055|55|00|1|707338|19637931923826213656482486616109946108175338|11112020|11112020|10300,00|1|0,00|0,00|10300,00|0|0,00|0,00|0,00|0,00|0,00|0,00|0,00|0,00|0,00|0,00|0,00|0,00|
|C110|20||
|C170|1|1.01.002|Descricao do item 6424|2000,00000|6|66801|0,00|0|140|5102|1024|0,00|0,00|0,00|0,00|0,00|0,00||||0,00|0,00|0,00|07|2231|1,65|||36|07|2231|7,6|||169|747|
|C100|1|0|XYZW12000086|55|00|1|294730|20408066232797010123694915547827687872335323|12112020|12112020|48618,00|1|0,00|0,00|48618,00|0|0,00|0,00|0,00|0,00|0,00|0,00|0,00|0,00|0,00|0,00|0,00|0,00|
|C170|1|1.04.001|Descricao do item 9836|2000,00000|6|32156|0,00|0|140|5102|1024|0,00|0,00|0,00|0,00|0,00|0,00||||0,00|0,00|0,00|07|3992|1,65|||65|07|3992|7,6|||303|747|
|C100|1|0|ABC123450516|55|00|1|267543|36433900556679200107658908517858049344636983|13112020|13112020|23430,00|1|0,00|0,00|23430,00|0|0,00|0,00|0,00|0,00|0,00|0,00|0,00|0,00|0,00|0,00|0,00|0,00|
|C110|27||
|C170|1|1.04.001|Descricao do item 2822|1000,00000|6|23015|0,00|0|140|5102|1024|0,00|0,00|0,00|0,00|0,00|0,00||||0,00|0,00|0,00|08|9993|1,65|||164|08|9993|7,6|||759|747|
|C100|1|0|ABC123450516|55|00|1|363684|90031529446564770169190480602044948493515898|13112020|13112020|23430,00|1|0,00|0,00|23430,00|0|0,00|0,00|0,00|0,00|0,00|0,00|0,00|0,00|0,00|0,00|0,00|0,00|
|C110|28||
|C170|1|1.04.001|Descricao do item 7469|1000,00000|6|38752|0,00|0|140|5102|1024|0,00|0,00|0,00|0,00|0,00|0,00||||0,00|0,00|0,00|08|1695|2,1|||35|08|1695|9,65|||163|747|
|C100|1|0|XYZW12000013|55|00|1|695528|80308198302075735679541565250537223178054094|16112020|16112020|69300,00|1|0,00|0,00|69300,00|0|0,00|0,00|0,00|0,00|0,00|0,00|0,00|0,00|0,00|0,00|0,00|0,00|
|C110|20||
|C170|1|1.01.002|Descricao do item 2405|23000,00000|6|77833|0,00|0|140|5102|1024|0,00|0,00|0,00|0,00|0,00|0,00||||0,00|0,00|0,00|08|7506|2,1|||157|08|7506|9,65|||724|747|
|C100|1|0|XYZW12000087|55|00|1|917508|74301423125825836449120168672043874166480868|16112020|16112020|4849,09|1|0,00|0,00|4849,09|0|0,00|0,00|0,00|0,00|0,00|0,00|0,00|0,00|0,00|0,00|0,00|0,00|
|C110|20||
|C170|1|1.04.001|Descricao do item 9861|200,00000|6|27256|0,00|0|140|5102|1024|0,00|0,00|0,00|0,00|0,00|0,00||||0,00|0,00|0,00|09|9110|1,65|||150|09|9110|7,6|||692|747|
|C500|ABC123450006|06|00|C||62021256|17112020|17112020|400,60|0,00||4,61|21,24||
|C501|50|400,60|04|400,60|1,6500|4,61|637|
|C505|50|400,60|04|400,60|7,6000|21,24|637|
|C500|ABC123450006|06|00|C||62069650|17112020|17112020|241,01|0,00||8,52|39,24||
|C501|50|241,01|04|1400,33|1,6500|8,52|637|
|C505|50|241,01|04|1400,33|7,6000|39,24|637|
|C990|50|
|D001|0|
|D010|12345678901230|
|D100|0|1|ABC123450327|57|00|1||525|58247238004719571758021393279496233372195946|03112020|03112020|0||250,00|0,00|0|250,00|0,00|0,00|250,00||482|
|D101|0|12092|51|12|4530|1,65|150|482|
|D105|0|12092|51|12|4530|7,6|692|482|
|D100|0|1|ABC123450327|57|00|1||526|58798667746088386684426711043392040433017018|03112020|03112020|0||3200,00|0,00|0|3200,00|0,00|0,00|3200,00||482|
|D101|0|22661|51|11|4101|1,65|150|482|
|D105|0|22661|51|11|4101|7,6|692|482|
|D100|0|1|ABC123450327|57|00|1||527|78589555223455191320014173683461184835270734|03112020|03112020|0||2400,00|0,00|0|2400,00|0,00|0,00|2400,00||482|
|D101|0|20945|52|09|4207|1,65|150|482|
|D105|0|20945|52|09|4207|7,6|692|482|
|D100|0|1|ABC123450327|57|00|1||530|71957434088926296972675585048691993603433879|03112020|03112020|0||550,00|0,00|0|550,00|0,00|0,00|550,00||482|
|D101|0|95324|52|10|3913|2,1|191|482|
|D105|0|95324|52|10|3913|9,65|879|482|
|D100|0|1|ABC123450327|57|00|1||528|12150577522212470550708286464269747018745390|03112020|03112020|0||200,00|0,00|0|200,00|0,00|0,00|200,00||482|
|D101|0|54406|53|15|9792|2,1|191|482|
|D105|0|54406|53|15|9792|9,65|879|482|
|D100|0|1|ABC123450327|57|00|1||529|89727128568851352425302024716492960468773580|03112020|03112020|0||2600,00|0,00|0|2600,00|0,00|0,00|2600,00||482|
|D101|0|64754|53|18|8627|1,65|150|482|
|D105|0|64754|53|18|8627|7,6|692|482|
|D100|0|1|ABC123450327|57|00|1||532|34978088659015683328120229653792484438105718|04112020|04112020|0||500,00|0,00|0|500,00|0,00|0,00|500,00||482|
|D101|0|55280|54|06|1491|1,65|150|482|
|D105|0|55280|54|06|1491|7,6|692|482|
|D100|0|1|ABC123450327|57|00|1||531|54561584130864997600231328073891589499790776|04112020|04112020|0||600,00|0,00|0|600,00|0,00|0,00|600,00||482|
|D101|0|68768|54|11|8888|0,825|75|482|
|D105|0|68768|54|11|8888|3,8|346|482|
|D100|0|1|ABC123450327|57|00|1||533|87311796218572490703748879365487505206357965|09112020|09112020|0||450,00|0,00|0|450,00|0,00|0,00|450,00||482|
|D101|0|38246|55|17|3391|1,65|150|482|
|D105|0|38246|55|17|3391|7,6|692|482|
|D100|0|1|ABC123450327|57|00|1||534|65529914171665039540224278635069221693429250|09112020|09112020|0||650,00|0,00|0|650,00|0,00|0,00|650,00||482|
|D101|0|76392|55|08|2605|2,1|191|482|
|D105|0|76392|55|08|2605|9,65|879|482|
|D100|0|1|ABC123450105|57|00|2||20022|66997119140849349400205929320069499635213573|06112020|06112020|0||2988,70|0,00|2|2988,70|0,00|0,00|2988,70||482|
|D101|0|343436|56|10|290244|2,1|191|482|
|D105|0|343436|56|10|290244|9,65|879|482|
|D100|0|1|ABC123450486|57|00|1||7008|70334613882780282660245615576685834531691875|09112020|09112020|0||2954,55|0,00|1|2954,55|0,00|0,00|2954,55||482|
|D101|0|258080|56|02|210496|2,1|191|482|
|D105|0|258080|56|02|210496|9,65|879|482|
|D100|0|1|ABC123450327|57|00|1||536|93684997080672880480890191773579433218246225|11112020|11112020|0||600,00|0,00|0|600,00|0,00|0,00|600,00||482|
|D101|0|353098|60|09|290500|2,1|191|482|
|D105|0|353098|60|09|290500|9,65|879|482|
|D100|0|1|ABC123450105|57|00|2||20014|55693977980897095206779684257354607695801400|05112020|05112020|0||3118,74|0,00|2|3118,74|0,00|0,00|3118,74||482|
|D101|0|37042|60|16|9344|0,825|75|482|
|D105|0|37042|60|16|9344|3,8|346|482|
|D100|0|1|ABC123450026|57|00|0||5662582|17268012800094324308246738604853492549258066|05112020|05112020|0||280,00|0,00|0|280,00|0,00|0,00|280,00||482|
|D101|0|92211|61|01|8303|0,825|75|482|
|D105|0|92211|61|01|8303|3,8|346|482|
|D100|0|1|ABC123450486|57|00|1||7011|12524825397069266822551287586518493479101152|09112020|09112020|0||2954,55|0,00|1|2954,55|0,00|0,00|2954,55||482|
|D101|0|44818|62|06|8674|1,65|150|482|
|D105|0|44818|62|06|8674|7,6|692|482|
|D100|0|1|ABC123450327|57|00|1||535|82514387871580859937309141365057224860786931|10112020|10112020|0||750,00|0,00|0|750,00|0,00|0,00|750,00||482|
|D101|0|73261|63|03|8743|2,1|191|482|
|D105|0|73261|63|03|8743|9,65|879|482|
|D100|0|1|ABC123450327|57|00|1||537|87456128203834944820051685209244111621126256|12112020|12112020|0||650,00|0,00|0|650,00|0,00|0,00|650,00||482|
|D101|0|12244|64|16|1044|2,1|191|482|
|D105|0|12244|64|16|1044|9,65|879|482|
|D100|0|1|ABC123450327|57|00|1||538|16207157658298711916878796183092425255553007|13112020|13112020|0||350,00|0,00|0|350,00|0,00|0,00|350,00||482|
|D101|0|24223|65|14|5665|2,1|191|482|
|D105|0|24223|65|14|5665|9,65|879|482|
|D100|0|1|ABC123450327|57|00|1||539|98140775447160825025519710216255384492167588|13112020|13112020|0||350,00|0,00|0|350,00|0,00|0,00|350,00||482|
|D101|0|41372|66|08|4321|0,825|75|482|
|D105|0|41372|66|08|4321|3,8|346|482|
|D100|0|1|ABC123450327|57|00|1||540|49855174203117400638156406163543760551594230|13112020|13112020|0||350,00|0,00|0|350,00|0,00|0,00|350,00||482|
|D101|0|58051|66|10|9332|2,1|191|482|
|D105|0|58051|66|10|9332|9,65|879|482|
|D100|0|1|ABC123450486|57|00|1||7084|84605788154980643711504047544285560644630625|16112020|16112020|0||2954,55|0,00|1|2954,55|2954,55|354,55|0,00||482|
|D101|0|10316|50|13|4483|0,825|75|482|
|D105|0|10316|50|13|4483|3,8|346|482|
|D100|0|1|ABC123450026|57|00|0||5694595|92825507247485915267508639115152989294397999|16112020|16112020|0||135,31|0,00|0|135,31|135,31|16,24|0,00||482|
|D101|0|84634|50|12|7199|2,1|191|482|
|D105|0|84634|50|12|7199|9,65|879|482|
|D100|0|1|ABC123450026|57|00|0||5694599|63301385585868962508921950401619737322512630|16112020|16112020|0||160,50|0,00|0|160,50|0,00|0,00|160,50||482|
|D101|0|37364|56|04|7136|0,825|75|482|
|D105|0|37364|56|04|7136|3,8|346|482|
|D100|0|1|ABC123450327|57|00|1||541|93190016053577294090228237850432476724489802|16112020|16112020|0||1000,00|0,00|0|1000,00|0,00|0,00|1000,00||482|
|D101|0|550000|56|01|500000|1,65|150|482|
|D101|0|250000|56|03|200000|1,65|150|482|
|D101|0|150000|56|12|100000|1,65|150|482|
|D105|0|550000|56|01|500000|7,6|692|482|
|D105|0|250000|56|03|200000|7,6|692|482|
|D105|0|150000|56|12|100000|7,6|692|482|
|D100|0|1|ABC123450327|57|00|1||542|53246375706921887712978115535886525274238110|16112020|16112020|0||600,00|0,00|0|600,00|0,00|0,00|600,00||482|
|D101|0|48113|51|16|3197|2,1|191|482|
|D105|0|48113|51|16|3197|9,65|879|482|
|D100|0|1|ABC123450327|57|00|1||554|56161148631561450072600688561221234606161641|23112020|23112020|0||400,00|0,00|0|400,00|0,00|0,00|400,00||482|
|D990|60|
|F001|0|
|F010|12345678901230|
|F100|0|ABC123450276|2|30112020|52992|50|2043|2,1|42|50|2043|9,65|197|05|0|599||Descricao do documento 1295|
|F100|0|ABC123450438|2|30112020|78044|51|4376|1,65|72|51|4376|7,6|332|17|0|599||Descricao do documento 2781|
|F100|2|XYZW12000018|1.01.001|04112020|85714|09|7811|2,100|164|09|7811|9,65|753|01||747||Descricao do documento 1876|
|F100|1|XYZW12000140|1.03.042|25112020|76843|02|3486|0,825|28|02|3486|3,8|132|15||1337||Descricao do documento 1649|
|F100|2|XYZW12000018|1.01.001|14112020|85714|01|7811|0,650|164|01|7811|3,00|753|01||747||Descricao do documento 1876|
|F100|2|XYZW12000018|1.01.001|14112020|85714|08|7811|2,100|164|08|7811|9,65|753|01||747||Descricao do documento 1876|
|F100|2|XYZW12000018|1.01.001|14112020|85714|07|7811|2,100|164|07|7811|9,65|753|01||747||Descricao do documento 1876|
|F100|1|XYZW12000140|1.03.042|17112020|76843|01|3486|0,825|28|01|3486|3,8|132|15||1337||Descricao do documento 1649|
|F990|7|
|I001|1|
|I990|2|
|M001|0|
|M100|101|0|1800,93|1,6500|||1601,52|0,00|0,00|0,00|1601,52|1|20,02|20,02|
|M105|04|50|1800,93||1800,93|1601,52||||
|M100|201|0|13007,00|1,6500|||11566,75|0,00|0,00|0,00|11566,75|1|144,58|144,58|
|M105|17|51|4376,00||4376,00|3891,45||||
|M105|11|51|4101,00||4101,00|3646,90||||
|M105|12|51|4530,00||4530,00|4028,40||||
|M100|301|0|4207,00|1,6500|||3741,17|0,00|0,00|0,00|3741,17|1|46,76|46,76|
|M105|09|52|4207,00||4207,00|3741,17||||
|M100|101|0|8627,00|1,6500|||2742,28|0,00|0,00|0,00|2742,28|1|34,28|34,28|
|M105|18|53|8627,00||8627,00|2742,28||||
|M100|201|0|8627,00|1,6500|||3595,93|0,00|0,00|0,00|3595,93|1|44,95|44,95|
|M105|18|53|8627,00||8627,00|3595,93||||
|M100|101|0|1491,00|1,6500|||473,95|0,00|0,00|0,00|473,95|1|5,92|5,92|
|M105|06|54|1491,00||1491,00|473,95||||
|M100|301|0|1491,00|1,6500|||230,47|0,00|0,00|0,00|230,47|1|2,88|2,88|
|M105|06|54|1491,00||1491,00|230,47||||
|M100|201|0|3391,00|1,6500|||1413,45|0,00|0,00|0,00|1413,45|1|17,67|17,67|
|M105|17|55|3391,00||3391,00|1413,45||||
|M100|301|0|3391,00|1,6500|||524,17|0,00|0,00|0,00|524,17|1|6,55|6,55|
|M105|17|55|3391,00||3391,00|524,17||||
|M100|101|0|800000,00|1,6500|||254297,26|0,00|0,00|0,00|254297,26|1|3178,72|3178,72|
|M105|01|56|500000,00||500000,00|158935,79||||
|M105|12|56|100000,00||100000,00|31787,16||||
|M105|03|56|200000,00||200000,00|63574,32||||
|M100|201|0|800000,00|1,6500|||333458,38|0,00|0,00|0,00|333458,38|1|4168,23|4168,23|
|M105|01|56|500000,00||500000,00|208411,49||||
|M105|12|56|100000,00||100000,00|41682,30||||
|M105|03|56|200000,00||200000,00|83364,60||||
|M100|301|0|800000,00|1,6500|||123661,57|0,00|0,00|0,00|123661,57|1|1545,77|1545,77|
|M105|01|56|500000,00||500000,00|77288,48||||
|M105|12|56|100000,00||100000,00|15457,70||||
|M105|03|56|200000,00||200000,00|30915,39||||
|M100|102|0|4483,00|0,8250|||3986,60|0,00|0,00|0,00|3986,60|1|49,83|49,83|
|M105|13|50|4483,00||4483,00|3986,60||||
|M100|102|0|9242,00|2,1000|||8218,65|0,00|0,00|0,00|8218,65|1|102,73|102,73|
|M105|12|50|7199,00||7199,00|6401,87||||
|M105|05|50|2043,00||2043,00|1816,78||||
|M100|202|0|3197,00|2,1000|||2843,00|0,00|0,00|0,00|2843,00|1|35,54|35,54|
|M105|16|51|3197,00||3197,00|2843,00||||
|M100|302|0|3913,00|2,1000|||3479,72|0,00|0,00|0,00|3479,72|1|43,50|43,50|
|M105|10|52|3913,00||3913,00|3479,72||||
|M100|102|0|9792,00|2,1000|||3112,60|0,00|0,00|0,00|3112,60|1|38,91|38,91|
|M105|15|53|9792,00||9792,00|3112,60||||
|M100|202|0|9792,00|2,1000|||4081,53|0,00|0,00|0,00|4081,53|1|51,02|51,02|
|M105|15|53|9792,00||9792,00|4081,53||||
|M100|102|0|8888,00|0,8250|||2825,24|0,00|0,00|0,00|2825,24|1|35,32|35,32|
|M105|11|54|8888,00||8888,00|2825,24||||
|M100|302|0|8888,00|0,8250|||1373,88|0,00|0,00|0,00|1373,88|1|17,17|17,17|
|M105|11|54|8888,00||8888,00|1373,88||||
|M100|202|0|2605,00|2,1000|||1085,82|0,00|0,00|0,00|1085,82|1|13,57|13,57|
|M105|08|55|2605,00||2605,00|1085,82||||
|M100|302|0|2605,00|2,1000|||402,67|0,00|0,00|0,00|402,67|1|5,03|5,03|
|M105|08|55|2605,00||2605,00|402,67||||
|M100|102|0|7136,00|0,8250|||2268,33|0,00|0,00|0,00|2268,33|1|28,35|28,35|
|M105|04|56|7136,00||7136,00|2268,33||||
|M100|202|0|7136,00|0,8250|||2974,45|0,00|0,00|0,00|2974,45|1|37,18|37,18|
|M105|04|56|7136,00||7136,00|2974,45||||
|M100|302|0|7136,00|0,8250|||1103,06|0,00|0,00|0,00|1103,06|1|13,79|13,79|
|M105|04|56|7136,00||7136,00|1103,06||||
|M100|102|0|500740,00|2,1000|||159171,01|0,00|0,00|0,00|159171,01|1|1989,64|1989,64|
|M105|02|56|210496,00||210496,00|66910,70||||
|M105|10|56|290244,00||290244,00|92260,32||||
|M100|202|0|500740,00|2,1000|||208719,94|0,00|0,00|0,00|208719,94|1|2609,00|2609,00|
|M105|02|56|210496,00||210496,00|87739,57||||
|M105|10|56|290244,00||290244,00|120980,37||||
|M100|302|0|500740,00|2,1000|||77402,87|0,00|0,00|0,00|77402,87|1|967,54|967,54|
|M105|02|56|210496,00||210496,00|32537,83||||
|M105|10|56|290244,00||290244,00|44865,04||||
|M100|106|0|9344,00|0,8250|||8309,35|0,00|0,00|0,00|8309,35|1|103,87|103,87|
|M105|16|60|9344,00||9344,00|8309,35||||
|M100|206|0|8303,00|0,8250|||7383,62|0,00|0,00|0,00|7383,62|1|92,30|92,30|
|M105|01|61|8303,00||8303,00|7383,62||||
|M100|106|0|4321,00|0,8250|||1373,52|0,00|0,00|0,00|1373,52|1|17,17|17,17|
|M105|08|66|4321,00||4321,00|1373,52||||
|M100|206|0|4321,00|0,8250|||1801,09|0,00|0,00|0,00|1801,09|1|22,51|22,51|
|M105|08|66|4321,00||4321,00|1801,09||||
|M100|306|0|4321,00|0,8250|||667,93|0,00|0,00|0,00|667,93|1|8,35|8,35|
|M105|08|66|4321,00||4321,00|667,93||||
|M100|107|0|290500,00|2,1000|||258333,38|0,00|0,00|0,00|258333,38|1|3229,17|3229,17|
|M105|09|60|290500,00||290500,00|258333,38||||
|M100|307|0|8674,00|1,6500|||7713,54|0,00|0,00|0,00|7713,54|1|96,42|96,42|
|M105|06|62|8674,00||8674,00|7713,54||||
|M100|107|0|8743,00|2,1000|||2779,15|0,00|0,00|0,00|2779,15|1|34,74|34,74|
|M105|03|63|8743,00||8743,00|2779,15||||
|M100|207|0|8743,00|2,1000|||3644,28|0,00|0,00|0,00|3644,28|1|45,55|45,55|
|M105|03|63|8743,00||8743,00|3644,28||||
|M100|107|0|1044,00|2,1000|||331,86|0,00|0,00|0,00|331,86|1|4,15|4,15|
|M105|16|64|1044,00||1044,00|331,86||||
|M100|307|0|1044,00|2,1000|||161,38|0,00|0,00|0,00|161,38|1|2,02|2,02|
|M105|16|64|1044,00||1044,00|161,38||||
|M100|207|0|5665,00|2,1000|||2361,30|0,00|0,00|0,00|2361,30|1|29,52|29,52|
|M105|14|65|5665,00||5665,00|2361,30||||
|M100|307|0|5665,00|2,1000|||875,68|0,00|0,00|0,00|875,68|1|10,95|10,95|
|M105|14|65|5665,00||5665,00|875,68||||
|M100|107|0|9332,00|2,1000|||2966,38|0,00|0,00|0,00|2966,38|1|37,08|37,08|
|M105|10|66|9332,00||9332,00|2966,38||||
|M100|207|0|9332,00|2,1000|||3889,79|0,00|0,00|0,00|3889,79|1|48,62|48,62|
|M105|10|66|9332,00||9332,00|3889,79||||
|M100|307|0|9332,00|2,1000|||1442,51|0,00|0,00|0,00|1442,51|1|18,03|18,03|
|M105|10|66|9332,00||9332,00|1442,51||||
|M100|108|0|40000,00|1,6500|||35570,86|0,00|0,00|0,00|35570,86|1|444,64|444,64|
|M105|01|50|40000,00||40000,00|35570,86||||
|M100|208|0|7621,00|1,6500|||6777,14|0,00|0,00|0,00|6777,14|1|84,71|84,71|
|M105|01|51|7621,00||7621,00|6777,14||||
|M100|208|0|6954,00|2,1000|||6183,99|0,00|0,00|0,00|6183,99|1|77,30|77,30|
|M105|01|51|6954,00||6954,00|6183,99||||
|M100|108|0|25000,00|1,6500|||7946,79|0,00|0,00|0,00|7946,79|1|99,33|99,33|
|M105|01|56|25000,00||25000,00|7946,79||||
|M100|208|0|25000,00|1,6500|||10420,57|0,00|0,00|0,00|10420,57|1|130,26|130,26|
|M105|01|56|25000,00||25000,00|10420,57||||
|M100|308|0|25000,00|1,6500|||3864,42|0,00|0,00|0,00|3864,42|1|48,31|48,31|
|M105|01|56|25000,00||25000,00|3864,42||||
|M500|101|0|1800,93|7,6000|||1601,52|0,00|0,00|0,00|1601,52|1|80,08|80,08|
|M505|04|50|1800,93||1800,93|1601,52||||
|M500|201|0|13007,00|7,6000|||11566,75|0,00|0,00|0,00|11566,75|1|578,34|578,34|
|M505|17|51|4376,00||4376,00|3891,45||||
|M505|11|51|4101,00||4101,00|3646,90||||
|M505|12|51|4530,00||4530,00|4028,40||||
|M500|301|0|4207,00|7,6000|||3741,17|0,00|0,00|0,00|3741,17|1|187,06|187,06|
|M505|09|52|4207,00||4207,00|3741,17||||
|M500|101|0|8627,00|7,6000|||2742,28|0,00|0,00|0,00|2742,28|1|137,11|137,11|
|M505|18|53|8627,00||8627,00|2742,28||||
|M500|201|0|8627,00|7,6000|||3595,93|0,00|0,00|0,00|3595,93|1|179,80|179,80|
|M505|18|53|8627,00||8627,00|3595,93||||
|M500|101|0|1491,00|7,6000|||473,95|0,00|0,00|0,00|473,95|1|23,70|23,70|
|M505|06|54|1491,00||1491,00|473,95||||
|M500|301|0|1491,00|7,6000|||230,47|0,00|0,00|0,00|230,47|1|11,52|11,52|
|M505|06|54|1491,00||1491,00|230,47||||
|M500|201|0|3391,00|7,6000|||1413,45|0,00|0,00|0,00|1413,45|1|70,67|70,67|
|M505|17|55|3391,00||3391,00|1413,45||||
|M500|301|0|3391,00|7,6000|||524,17|0,00|0,00|0,00|524,17|1|26,21|26,21|
|M505|17|55|3391,00||3391,00|524,17||||
|M500|101|0|800000,00|7,6000|||254297,26|0,00|0,00|0,00|254297,26|1|12714,86|12714,86|
|M505|01|56|500000,00||500000,00|158935,79||||
|M505|12|56|100000,00||100000,00|31787,16||||
|M505|03|56|200000,00||200000,00|63574,32||||
|M500|201|0|800000,00|7,6000|||333458,38|0,00|0,00|0,00|333458,38|1|16672,92|16672,92|
|M505|01|56|500000,00||500000,00|208411,49||||
|M505|12|56|100000,00||100000,00|41682,30||||
|M505|03|56|200000,00||200000,00|83364,60||||
|M500|301|0|800000,00|7,6000|||123661,57|0,00|0,00|0,00|123661,57|1|6183,08|6183,08|
|M505|01|56|500000,00||500000,00|77288,48||||
|M505|12|56|100000,00||100000,00|15457,70||||
|M505|03|56|200000,00||200000,00|30915,39||||
|M500|102|0|4483,00|3,8000|||3986,60|0,00|0,00|0,00|3986,60|1|199,33|199,33|
|M505|13|50|4483,00||4483,00|3986,60||||
|M500|102|0|9242,00|9,6500|||8218,65|0,00|0,00|0,00|8218,65|1|410,93|410,93|
|M505|12|50|7199,00||7199,00|6401,87||||
|M505|05|50|2043,00||2043,00|1816,78||||
|M500|202|0|3197,00|9,6500|||2843,00|0,00|0,00|0,00|2843,00|1|142,15|142,15|
|M505|16|51|3197,00||3197,00|2843,00||||
|M500|302|0|3913,00|9,6500|||3479,72|0,00|0,00|0,00|3479,72|1|173,99|173,99|
|M505|10|52|3913,00||3913,00|3479,72||||
|M500|102|0|9792,00|9,6500|||3112,60|0,00|0,00|0,00|3112,60|1|155,63|155,63|
|M505|15|53|9792,00||9792,00|3112,60||||
|M500|202|0|9792,00|9,6500|||4081,53|0,00|0,00|0,00|4081,53|1|204,08|204,08|
|M505|15|53|9792,00||9792,00|4081,53||||
|M500|102|0|8888,00|3,8000|||2825,24|0,00|0,00|0,00|2825,24|1|141,26|141,26|
|M505|11|54|8888,00||8888,00|2825,24||||
|M500|302|0|8888,00|3,8000|||1373,88|0,00|0,00|0,00|1373,88|1|68,69|68,69|
|M505|11|54|8888,00||8888,00|1373,88||||
|M500|202|0|2605,00|9,6500|||1085,82|0,00|0,00|0,00|1085,82|1|54,29|54,29|
|M505|08|55|2605,00||2605,00|1085,82||||
|M500|302|0|2605,00|9,6500|||402,67|0,00|0,00|0,00|402,67|1|20,13|20,13|
|M505|08|55|2605,00||2605,00|402,67||||
|M500|102|0|7136,00|3,8000|||2268,33|0,00|0,00|0,00|2268,33|1|113,42|113,42|
|M505|04|56|7136,00||7136,00|2268,33||||
|M500|202|0|7136,00|3,8000|||2974,45|0,00|0,00|0,00|2974,45|1|148,72|148,72|
|M505|04|56|7136,00||7136,00|2974,45||||
|M500|302|0|7136,00|3,8000|||1103,06|0,00|0,00|0,00|1103,06|1|55,15|55,15|
|M505|04|56|7136,00||7136,00|1103,06||||
|M500|102|0|500740,00|9,6500|||159171,01|0,00|0,00|0,00|159171,01|1|7958,55|7958,55|
|M505|02|56|210496,00||210496,00|66910,70||||
|M505|10|56|290244,00||290244,00|92260,32||||
|M500|202|0|500740,00|9,6500|||208719,94|0,00|0,00|0,00|208719,94|1|10436,00|10436,00|
|M505|02|56|210496,00||210496,00|87739,57||||
|M505|10|56|290244,00||290244,00|120980,37||||
|M500|302|0|500740,00|9,6500|||77402,87|0,00|0,00|0,00|77402,87|1|3870,14|3870,14|
|M505|02|56|210496,00||210496,00|32537,83||||
|M505|10|56|290244,00||290244,00|44865,04||||
|M500|106|0|9344,00|3,8000|||8309,35|0,00|0,00|0,00|8309,35|1|415,47|415,47|
|M505|16|60|9344,00||9344,00|8309,35||||
|M500|206|0|8303,00|3,8000|||7383,62|0,00|0,00|0,00|7383,62|1|369,18|369,18|
|M505|01|61|8303,00||8303,00|7383,62||||
|M500|106|0|4321,00|3,8000|||1373,52|0,00|0,00|0,00|1373,52|1|68,68|68,68|
|M505|08|66|4321,00||4321,00|1373,52||||
|M500|206|0|4321,00|3,8000|||1801,09|0,00|0,00|0,00|1801,09|1|90,05|90,05|
|M505|08|66|4321,00||4321,00|1801,09||||
|M500|306|0|4321,00|3,8000|||667,93|0,00|0,00|0,00|667,93|1|33,40|33,40|
|M505|08|66|4321,00||4321,00|667,93||||
|M500|107|0|290500,00|9,6500|||258333,38|0,00|0,00|0,00|258333,38|1|12916,67|12916,67|
|M505|09|60|290500,00||290500,00|258333,38||||
|M500|307|0|8674,00|7,6000|||7713,54|0,00|0,00|0,00|7713,54|1|385,68|385,68|
|M505|06|62|8674,00||8674,00|7713,54||||
|M500|107|0|8743,00|9,6500|||2779,15|0,00|0,00|0,00|2779,15|1|138,96|138,96|
|M505|03|63|8743,00||8743,00|2779,15||||
|M500|207|0|8743,00|9,6500|||3644,28|0,00|0,00|0,00|3644,28|1|182,21|182,21|
|M505|03|63|8743,00||8743,00|3644,28||||
|M500|107|0|1044,00|9,6500|||331,86|0,00|0,00|0,00|331,86|1|16,59|16,59|
|M505|16|64|1044,00||1044,00|331,86||||
|M500|307|0|1044,00|9,6500|||161,38|0,00|0,00|0,00|161,38|1|8,07|8,07|
|M505|16|64|1044,00||1044,00|161,38||||
|M500|207|0|5665,00|9,6500|||2361,30|0,00|0,00|0,00|2361,30|1|118,07|118,07|
|M505|14|65|5665,00||5665,00|2361,30||||
|M500|307|0|5665,00|9,6500|||875,68|0,00|0,00|0,00|875,68|1|43,78|43,78|
|M505|14|65|5665,00||5665,00|875,68||||
|M500|107|0|9332,00|9,6500|||2966,38|0,00|0,00|0,00|2966,38|1|148,32|148,32|
|M505|10|66|9332,00||9332,00|2966,38||||
|M500|207|0|9332,00|9,6500|||3889,79|0,00|0,00|0,00|3889,79|1|194,49|194,49|
|M505|10|66|9332,00||9332,00|3889,79||||
|M500|307|0|9332,00|9,6500|||1442,51|0,00|0,00|0,00|1442,51|1|72,13|72,13|
|M505|10|66|9332,00||9332,00|1442,51||||
|M500|108|0|40000,00|7,6000|||35570,86|0,00|0,00|0,00|35570,86|1|1778,54|1778,54|
|M505|01|50|40000,00||40000,00|35570,86||||
|M500|208|0|7621,00|7,6000|||6777,14|0,00|0,00|0,00|6777,14|1|338,86|338,86|
|M505|01|51|7621,00||7621,00|6777,14||||
|M500|208|0|6954,00|9,6500|||6183,99|0,00|0,00|0,00|6183,99|1|309,20|309,20|
|M505|01|51|6954,00||6954,00|6183,99||||
|M500|108|0|25000,00|7,6000|||7946,79|0,00|0,00|0,00|7946,79|1|397,34|397,34|
|M505|01|56|25000,00||25000,00|7946,79||||
|M500|208|0|25000,00|7,6000|||10420,57|0,00|0,00|0,00|10420,57|1|521,03|521,03|
|M505|01|56|25000,00||25000,00|10420,57||||
|M500|308|0|25000,00|7,6000|||3864,42|0,00|0,00|0,00|3864,42|1|193,22|193,22|
|M505|01|56|25000,00||25000,00|3864,42||||
|M990|214|
|P001|1|
|P990|2|
|1001|0|
|1100|112016|01||201|519,73|0,00|519,73|2,36|188,78|0,00|328,59|0,00|0,00|0,00|0,00|0,00|328,59|
|1100|112019|01||101|125,12|0,00|125,12|114,29|0,00|0,00|10,83|0,00|0,00|0,00|0,00|0,00|10,83|
|1100|122019|01||101|123,99|0,00|123,99|5,52|0,00|0,00|118,47|0,00|0,00|0,00|0,00|0,00|118,47|
|1100|012020|01||101|124,66|0,00|124,66|11,05|0,00|0,00|113,61|0,00|0,00|0,00|0,00|0,00|113,61|
|1100|022020|01||101|123,91|0,00|123,91|112,43|0,00|0,00|11,48|0,00|0,00|0,00|0,00|0,00|11,48|
|1100|032020|01||101|239,79|0,00|239,79|6,45|0,00|0,00|233,34|0,00|0,00|0,00|0,00|0,00|233,34|
|1100|042020|01||101|238,83|0,00|238,83|97,42|0,00|0,00|141,41|0,00|0,00|0,00|0,00|0,00|141,41|
|1100|072020|01||101|1077,99|0,00|1077,99|482,76|0,00|0,00|595,23|600,30|0,00|0,00|0,00|0,00|47,19|
|1100|102020|01||201|1079,94|0,00|1079,94|0,00|0,00|0,00|1079,94|0,00|0,00|0,00|0,00|0,00|1079,94|
|1100|102020|01||208|15391,06|0,00|15391,06|0,00|0,00|0,00|15391,06|0,00|0,00|0,00|0,00|0,00|15391,06|
|1100|112020|01||201|1788,38|0,00|1788,38|0,00|0,00|0,00|1788,38|0,00|0,00|0,00|0,00|0,00|1788,38|
|1100|112020|01||208|30600,60|0,00|30600,60|0,00|0,00|0,00|30600,60|0,00|0,00|0,00|0,00|0,00|30600,60|
|1500|112016|01||201|2393,89|0,00|2393,89|14,55|1014,20|0,00|1365,14|0,00|0,00|0,00|0,00|0,00|1365,14|
|1500|112019|01||101|576,30|0,00|576,30|537,56|0,00|0,00|38,74|0,00|0,00|0,00|0,00|0,00|38,74|
|1500|122019|01||101|571,09|0,00|571,09|33,95|0,00|0,00|537,14|0,00|0,00|0,00|0,00|0,00|537,14|
|1500|012020|01||101|574,19|0,00|574,19|67,99|0,00|0,00|506,20|0,00|0,00|0,00|0,00|0,00|506,20|
|1500|022020|01||101|570,74|0,00|570,74|518,34|0,00|0,00|52,40|0,00|0,00|0,00|0,00|0,00|52,40|
|1500|032020|01||101|1104,47|0,00|1104,47|39,70|0,00|0,00|1064,77|0,00|0,00|0,00|0,00|0,00|1064,77|
|1500|072020|01||101|4965,27|0,00|4965,27|2816,64|0,00|0,00|1800,20|1800,20|0,00|0,00|0,00|0,00|0,00|
|1500|102020|01||201|4974,28|0,00|4974,28|0,00|0,00|0,00|4974,28|0,00|0,00|0,00|0,00|0,00|4974,28|
|1500|102020|01||208|70725,58|0,00|70725,58|0,00|0,00|0,00|70725,58|0,00|0,00|0,00|0,00|0,00|70725,58|
|1500|112020|01||201|8237,40|0,00|8237,40|0,00|0,00|0,00|8237,40|0,00|0,00|0,00|0,00|0,00|8237,40|
|1500|112020|01||208|150400,45|0,00|150400,45|0,00|0,00|0,00|150400,45|0,00|0,00|0,00|0,00|0,00|150400,45|
|1990|25|
|9001|0|
|9900|0000|1|
|9900|0001|1|
|9900|0100|1|
|9900|0110|1|
|9900|0111|1|
|9900|0140|1|
|9900|0150|50|
|9900|0190|4|
|9900|0200|15|
|9900|0400|4|
|9900|0450|48|
|9900|0500|8|
|9900|0990|1|
|9900|A001|1|
|9900|A990|1|
|9900|C001|1|
|9900|C010|1|
|9900|C100|78|
|9900|C110|74|
|9900|C120|17|
|9900|C170|85|
|9900|C500|2|
|9900|C501|2|
|9900|C505|2|
|9900|C990|1|
|9900|D001|1|
|9900|D010|1|
|9900|D100|67|
|9900|D101|67|
|9900|D105|67|
|9900|D990|1|
|9900|F001|1|
|9900|F010|1|
|9900|F100|4|
|9900|F990|1|
|9900|I001|1|
|9900|I990|1|
|9900|M001|1|
|9900|M100|3|
|9900|M105|4|
|9900|M200|1|
|9900|M210|2|
|9900|M400|1|
|9900|M410|1|
|9900|M500|3|
|9900|M505|4|
|9900|M600|1|
|9900|M610|2|
|9900|M800|1|
|9900|M810|1|
|9900|M990|1|
|9900|P001|1|
|9900|P990|1|
|9900|1001|1|
|9900|1100|12|
|9900|1500|12|
|9900|1990|1|
|9900|9001|1|
|9900|9990|1|
|9900|9999|1|
|9900|9900|61|
|9990|64|
|9999|434|
